@article{moore, title={Longitudinal patterns and predictors of alcohol consumption in the United States}, volume={95}, DOI={10.2105/ajph.2003.019471}, number={3}, journal={American Journal of Public Health}, author={Moore, Alison A. and Gould, Robert and Reuben, David B. and Greendale, Gail A. and Carter, M. Kallin and Zhou, Kefei and Karlamangla, Arun}, year={2005}, month={Mar}, pages={458–464}}

@article{garnett, title={Alcohol consumption and associations with sociodemographic and health-related characteristics in Germany: A population survey}, volume={125}, DOI={10.1016/j.addbeh.2021.107159}, journal={Addictive Behaviors}, author={Garnett, Claire and Kastaun, Sabrina and Brown, Jamie and Kotz, Daniel}, year={2022}, month={Feb}, pages={107159}} 

@article{enders, title={A comparison of imputation strategies for ordinal missing data on likert scale variables}, volume={50}, DOI={10.1080/00273171.2015.1022644}, number={5}, journal={Multivariate Behavioral Research}, author={Wu, Wei and Jia, Fan and Enders, Craig}, year={2015}, month={Jul}, pages={484–503}} 